@Misc{wireshark,
author =   {Wireshark Foundation},
title =    {Wireshark},
howpublished = {\url{https://www.wireshark.org/}}
}

@Misc{tamperdata,
	author =   {Adam Judson},
	title =    {Tamper Data},
	howpublished = {\url{https://addons.mozilla.org/de/firefox/addon/tamper-data/}}
}

@Misc{whitespace,
	author =   {Mohab Ali},
	title =    {Executing bash commands without space},
	howpublished = {\url{http://0xa.li/executing-bash-commands-without-space/}}
}

@Misc{auth0-jwt-vuln,
	author =   {Tim McLean},
	title =    {Critical vulnerabilities in JSON Web Token libraries},
	howpublished = {\url{https://auth0.com/blog/critical-vulnerabilities-in-json-web-token-libraries/}}
}

@Misc{owasp-cmd-inj,
	author =   {OWASP},
	title =    {Command Injection},
	howpublished = {\url{https://www.owasp.org/index.php/Command_Injection}}
}

